
@online{knuthwebsite,
    author = "Olivier Rey",
    title = "The graph-oriented programming paradigm",
    url  = "https://orey.github.io/papers/pdf/20161026-TheGraphOrientedProgrammingParadigm-ORey-PreliminaryVersion.pdf",
    year = "2016",
    addendum = "(accessed: 09.09.2024)",
    keywords = "graph,programming"
}

